%Viktor Do's STH manual
@manual{do14sth,
  title={\href{https://github.com/guancio/kth-on-rpi2/blob/master/doc/STH.pdf}{SICS Thin Hypervisor Reference Manual}},
  author={Do, Viktor},
  year={2014}
}

@misc{sidebotham14guide,
    author    = {Brian Sidebotham},
    title     = {\href{http://www.valvers.com/open-software/raspberry-pi/step01-bare-metal-programming-in-cpt1/}{Bare Metal Programming in C}}
}

@misc{welch14guide,
    author    = {David Welch},
    title     = {\href{https://github.com/dwelch67/raspberrypi}{Raspberry Pi ARM based bare metal examples }}
}

%NOOBS download page
@manual{noobs,
    organization    = {The Raspberry Pi Foundation},
    title     = {\href{https://www.raspberrypi.org/downloads/}{Raspberry Pi Downloads}}
}

%BCM2835 documentation
@manual{bcm2835,
  title={\href{https://www.raspberrypi.org/wp-content/uploads/2012/02/BCM2835-ARM-Peripherals.pdf}{BCM2835 ARM Peripherals}},
  year={2012},
	organization	= {Broadcom Europe Ltd.},
	month		= {02}
}

%FT2232H documentation
@manual{ft2232h,
  title={\href{http://www.ftdichip.com/Support/Documents/DataSheets/ICs/DS_FT2232H.pdf}{FT2232H Datasheet}},
  year={2012},
	organization	= {Future Technology Devices International Ltd.}
}

%FT2232H Mini-Module documentation
@manual{ft2232hmm,
  title={\href{http://www.ftdichip.com/Support/Documents/DataSheets/Modules/DS_FT2232H_Mini_Module.pdf}{FT2232H Mini Module Datasheet}},
  year={2011},
	organization	= {Future Technology Devices International Ltd.}
}